@article{barabasi02,
  title={Statistical mechanics of complex networks},
  author={Albert, R{\'e}ka and Barab{\'a}si, Albert-L{\'a}szl{\'o}},
  journal={Reviews of modern physics},
  volume={74},
  number={1},
  pages={47},
  year={2002},
  publisher={APS}
}

@article{Kanopoulos1986-of,
  title={A first-in, first-out memory for signal processing applications},
  author={Kanopoulos, Nick and Hallenbeck, JILL J},
  journal={Circuits and Systems, IEEE Transactions on},
  volume={33},
  number={5},
  pages={556--558},
  year={1986},
  publisher={IEEE}
}

@article{De_Lacy_Costello2003-yf,
  title={On multitasking in parallel chemical processors: experimental findings},
  author={De Lacy Costello, BPJ and Adamatzky, AI},
  journal={International Journal of Bifurcation and Chaos},
  volume={13},
  number={02},
  pages={521--533},
  year={2003},
  publisher={World Scientific}
}


@techreport{Meyer2011-xn,
  title={Flow management in packet networks through interacting queues and law-of-mass-action scheduling},
  author={Meyer, Thomas and Tschudin, Christian},
  year={2011},
  institution={Technical Report CS-2011-001, University of Basel}
}

@INPROCEEDINGS{Matsumaru2005-ca,
  title     = {Chemical organization theory as a theoretical base for chemical
               computing},
  booktitle = {Unconventional Computing 2005: From Cellular Automata to Wetware},
  author    = "Matsumaru, N and Centler, F and Di, P S",
  editor    = "Teuscher, C and Adamatzky, A",
  publisher = "Luniver Press",
  pages     = "71--82",
  year      =  2005,
  address   = "Frome, United Kingdom"
}


@BOOK{Katz2012-fl,
  title     = {Biomolecular Information Processing: From Logic Systems to Smart
               Sensors and Actuators},
  author    = "Katz, Evgeny",
  publisher = "Wiley-VCH",
  edition   = "1 edition",
  year      =  2012,
  address   = "Weinheim, Germany",
  isbn      = "9783527332281",
  lccn      = "2012474112"
}


@ARTICLE{Banda2013-zs,
  title     = {Online Learning in a Chemical Perceptron},
  author    = "Banda, Peter and Teuscher, Christof and Lakin, Matthew R",
  journal   = "Artificial life",
  publisher = "MIT Press",
  volume    =  19,
  number    =  2,
  pages     = "195--219",
  year      =  2013,
  issn      = "1064-5462",
  issn_alt  = "1530-9185",
  doi       = "10.1162/ARTL\_a\_00105"
}


@ARTICLE{Arkin1994-bs,
  title     = "Computational functions in biochemical reaction networks",
  author    = "Arkin, Adam and Ross, John",
  journal   = {Biophysical Journal},
  publisher = "Elsevier",
  volume    =  67,
  number    =  2,
  pages     = "560--578",
  year      =  1994,
  issn      = "0006-3495",
  pmid      = "7948674",
  doi       = "10.1016/S0006-3495(94)80516-8"
}

@BOOK{Katz2012-wk,
  title     = {Molecular and Supramolecular Information Processing: From
               Molecular Switches to Logic Systems},
  author    = "Katz, Evgeny",
  publisher = "Wiley-VCH",
  edition   = "1 edition",
  year      =  2012,
  address   = "Weinheim, Germany",
  isbn      = "9783527331956",
  lccn      = "2012474113"
}



@ARTICLE{Jiang2013-gq,
  title       = {Discrete-time signal processing with {DNA}},
  author      = "Jiang, Hua and Salehi, Sayed Ahmad and Riedel, Marc D and
                 Parhi, Keshab K",
  affiliation = "Department of Electrical Engineering, University of Minnesota,
                 Minneapolis, MN 55455, United States.",
  journal     = {ACS Synthetic Biology},
  publisher   = "American Chemical Society",
  volume      =  2,
  number      =  5,
  pages       = "245--254",
  year        =  2013,
  issn        = "2161-5063",
  pmid        = "23654264",
  doi         = "10.1021/sb300087n"
}

@ARTICLE{Stojanovic2003-eg,
  title    = "A deoxyribozyme-based molecular automaton",
  author   = "Stojanovic, Milan N and Stefanovic, Darko",
  journal  = {Nature Biotechnology},
  volume   =  21,
  number   =  9,
  pages    = "1069--1074",
  year     =  2003,
  issn     = "1087-0156",
  pmid     = "12923549"
}

@ARTICLE{Banda2014-bp,
  title       = "Training an asymmetric signal perceptron through reinforcement
                 in an artificial chemistry",
  author      = "Banda, Peter and Teuscher, Christof and Stefanovic, Darko",
  journal     = {Journal of the Royal Society, Interface / the Royal Society},
  volume      =  11,
  number      =  93,
  pages       = "20131100",
  year        =  2014,
  issn        = "1742-5689",
  issn_alt    = "1742-5662",
  pmid        = "24478284",
  doi         = "10.1098/rsif.2013.1100",
  pmc         = "PMC3928940"
}


@ARTICLE{Faulhammer2000-qv,
  title       = "Molecular computation: {RNA} solutions to chess problems",
  author      = "Faulhammer, D and Cukras, A R and Lipton, R J and Landweber, L
                 F",
  affiliation = "Department of Ecology, Princeton University, Princeton, New Jersey
                 08544, USA.",
  journal     = "Proceedings of the National Academy of Sciences of the United
                 States of America",
  publisher   = "National Acad Sciences",
  volume      =  97,
  number      =  4,
  pages       = "1385--1389",
  year        =  2000,
  issn        = "0027-8424",
  pmid        = "10677471",
  pmc         = "PMC26442"
}


@ARTICLE{Dittrich2001-rn,
  title   = {Artificial {Chemistries-A} Review},
  author  = "Dittrich, Peter and Ziegler, Jens and Banzhaf, Wolfgang",
  journal = "Artificial life",
  volume  =  7,
  number  =  3,
  pages   = "225--275",
  year    =  2001,
}



@BOOK{Epstein1998-qw,
  title     = "An Introduction to Nonlinear Chemical Dynamics: Oscillations,
               Waves, Patterns, and Chaos",
  author    = "Epstein, Irving R and Pojman, John A",
  publisher = "Oxford University Press",
  pages     = "17--22",
  year      =  1998,
  address   = "Oxford, England",
}

@ARTICLE{Michaelis1913-zv,
  title   = "Die {K}inetik der {I}nvertinwirkung",
  author  = "Michaelis, Leonor and Menten, M L",
  journal = "Biochemische Zeitschrift",
  volume  =  49,
  pages   = "333--369",
  year    =  1913,
  issn    = "0366-0753"
}


@ARTICLE{Horn1972-ob,
  title     = "General mass action kinetics",
  author    = "Horn, F and Jackson, R",
  journal   = "Archive for rational mechanics and analysis",
  publisher = "Springer-Verlag",
  volume    =  47,
  number    =  2,
  pages     = "81--116",
  year      =  1972,
  issn      = "0003-9527",
  issn_alt  = "1432-0673",
  doi       = "10.1007/BF00251225"
}

@BOOK{Erdi1989-ll,
  title     = "Mathematical Models of Chemical Reactions: Theory and
               Applications of Deterministic and Stochastic Models",
  author    = "\'{E}rdi, P and T\'{o}th, J",
  publisher = "Manchester University Press",
  year      =  1989,
  isbn      = "9780719022081",
  lccn      = "88039781",
  address   = "Manchester, England"
}

@BOOK{Henri1903-jf,
  title     = "Lois G\'{e}n\'{e}rales de l'Action des Diastases",
  author    = "Henri, V",
  publisher = "Librairie Scientifique A. Hermann",
  year      =  1903,
  address   = "Paris, France"
}

@BOOK{Leskovac2003-ei,
  title     = "Comprehensive Enzyme Kinetics",
  author    = "Leskovac, Vladimir",
  editor    = "Leskovac, Vladimir",
  publisher = "Kluwer Academic / Plenum Publishers",
  pages     = "31--40",
  year      =  2003,
  address   = "Dordrecht, the Netherlands"
}

@ARTICLE{Flynn1972-sd,
  title    = {Some Computer Organizations and Their Effectiveness},
  author   = "Flynn, M",
  journal  = "IEEE transactions on computers. Institute of Electrical and
              Electronics Engineers",
  volume   = "C-21",
  number   =  9,
  pages    = "948--960",
  year     =  1972,
  issn     = "0018-9340",
  doi      = "10.1109/TC.1972.5009071"
}

@ARTICLE{Stojanovic2000-qx,
  title       = "Homogeneous assays based on deoxyribozyme catalysis",
  author      = "Stojanovic, M N and de Prada, P and Landry, D W",
  affiliation = "Division of Clinical Pharmacology and Experimental
                 Therapeutics, Department of Medicine, Columbia University, New
                 York, NY 10032, USA. mns18@columbia.edu",
  journal     = "Nucleic acids research",
  publisher   = "Oxford Univ Press",
  volume      =  28,
  number      =  15,
  pages       = "2915--2918",
  year        =  2000,
  issn        = "0305-1048",
  issn_alt    = "1362-4962",
  pmid        = "10908354",
  pmc         = "PMC102685"
}

@BOOK{Copeland2004-sq,
  title     = "Enzymes: A Practical Introduction to Structure, Mechanism, and
               Data Analysis",
  author    = "Copeland, R A",
  publisher = "Wiley",
  year      =  2004,
  isbn      = "9780471461852",
  lccn      = "99050087",
  address   = "Hoboken, New Jersey, USA"
}

@ARTICLE{Liu2009-jz,
  title       = "Functional nucleic acid sensors",
  author      = "Liu, Juewen and Cao, Zehui and Lu, Yi",
  affiliation = "Department of Chemistry, University of Illinois at
                 Urbana-Champaign, 600 South Mathews Avenue, Urbana, Illinois
                 61801, USA.",
  journal     = "Chemical Reviews",
  publisher   = "ACS Publications",
  volume      =  109,
  number      =  5,
  pages       = "1948--1998",
  year        =  2009,
  issn        = "0009-2665",
  issn_alt    = "1520-6890",
  pmid        = "19301873",
  doi         = "10.1021/cr030183i",
  pmc         = "PMC2681788"
}


@INPROCEEDINGS{Neat1988-zv,
  title     = {A hybrid adaptive control approach for drug delivery systems},
  booktitle = {Engineering in Medicine and Biology Society, 1988. Proceedings
               of the Annual International Conference of the {IEEE}},
  author    = "Neat, Gregory W and Kaufman, H and Roy, Rob J",
  publisher = "IEEE",
  pages     = "1305--1306 vol.3",
  year      =  1988,
  address   = "Piscataway, New Jersey, USA",
  issn      = "0046-2039",
  doi       = "10.1109/IEMBS.1988.95096"
}

@ARTICLE{Abbod2002-pt,
  title       = {Survey on the use of smart and adaptive engineering systems in
                 medicine},
  author      = "Abbod, M F and Linkens, D A and Mahfouf, M and Dounias, G",
  affiliation = "Department of Automatic Control and Systems Engineering,
                 University of Sheffield, Mappin Street, Sheffield, S1 3JD, UK.
                 m.f.abbod@shef.ac.uk",
  journal     = "Artificial Intelligence in Medicine",
  volume      =  26,
  number      =  3,
  pages       = "179--209",
  month       =  nov,
  year        =  2002,
  issn        = "0933-3657",
  pmid        = "12446078",
  doi         = "10.1016/S0933-3657(02)00083-0"
}


@ARTICLE{Halamek2010-lk,
  title    = "Multi-enzyme logic network architectures for assessing injuries:
              digital processing of biomarkers",
  author   = "Hal\'{a}mek, Jan and Bocharova, Vera and Chinnapareddy, Soujanya
              and Windmiller, Joshua Ray and Strack, Guinevere and Chuang,
              Min-Chieh and Zhou, Jian and Santhosh, Padmanabhan and Ramirez,
              V, Gabriela and Arugula, Mary a and Wang, Joseph and Katz, Evgeny",
  journal  = "Molecular BioSystems",
  volume   =  6,
  number   =  12,
  pages    = "2554--2560",
  year     =  2010,
  issn     = "1742-206X",
  issn_alt = "1742-2051",
  pmid     = "20953502",
  doi      = "10.1039/c0mb00153h"
}

@ARTICLE{Mailloux2014-ux,
  title    = "A model system for targeted drug release triggered by
              biomolecular signals logically processed through enzyme logic
              networks",
  author   = "Mailloux, Shay and Hal\'{a}mek, Jan and Katz, Evgeny",
  journal  = "The Analyst",
  volume   =  139,
  number   =  5,
  pages    = "982--986",
  year     =  2014,
  issn     = "0003-2654",
  issn_alt = "1364-5528",
  pmid     = "24404562",
  doi      = "10.1039/c3an02162a"
}


@ARTICLE{Mailloux2014-de,
  title   = {Enzymatic filter for improved separation of output signals in
             enzyme logic systems towards 'sense and treat'medicine},
  author  = "Mailloux, S and Zavalov, O and Guz, N and Katz, E and Bocharova,
             Vera",
  journal = "Biomaterials Science",
  volume  =  2,
  number  =  2,
  pages   = "184--191",
  year    =  2014,
  doi     = "10.1039/C3BM60197H"
}


@ARTICLE{Wang2010-se,
  title     = "Digital biosensors with built-in logic for biomedical
               applications-biosensors based on a biocomputing concept",
  author    = "Wang, Joseph and Katz, Evgeny",
  journal   = "Analytical and Bioanalytical Chemistry",
  publisher = "Springer-Verlag",
  volume    =  398,
  number    =  4,
  pages     = "1591--1603",
  year      =  2010,
  issn      = "1618-2642",
  issn_alt  = "1618-2650",
  doi       = "10.1007/s00216-010-3746-0"
}


@ARTICLE{Zhou2012-jf,
  title     = {A Self-Powered ``Sense-Act-Treat'' System that is Based on a Biofuel Cell and Controlled by Boolean Logic},
  author    = {Zhou, Ming and Zhou, Nandi and Kuralay, Filiz and Windmiller, Joshua R and Parkhomovsky, Serguey and Vald{\'e}s-Ram{\'\i}rez, Gabriela and Katz, Evgeny and Wang, Joseph},
  journal   = "Angewandte Chemie",
  publisher = "Wiley Online Library",
  year      =  2012,
  issn      = "1433-7851"
}


@ARTICLE{Holland1962-uk,
  title     = "Outline for a Logical Theory of Adaptive Systems",
  author    = "Holland, John H",
  journal   = "Journal of the ACM",
  publisher = "ACM",
  volume    =  9,
  number    =  3,
  pages     = "297--314",
  year      =  1962,
  issn      = "0004-5411",
  doi       = "10.1145/321127.321128"
}

@BOOK{Baeck2000-co,
  title     = {Evolutionary Computation 1: Basic Algorithms and Operators},
  author    = "Baeck, T and Fogel, D B and Michalewicz, Z",
  publisher = "Institute of Physics Publishing",
  volume    = "Bristol, United Kingdom",
  year      =  2000,
  isbn      = "9780750306645",
  lccn      = "00702389"
}

@BOOK{Mitchell1998-tw,
  title     = {An Introduction to Genetic Algorithms},
  author    = "Mitchell, M",
  publisher = "MIT Press",
  edition   = "Third",
  year      =  1998,
  address   = "Cambridge, Massachusetts, USA",
  isbn      = "9780262631853",
  lccn      = "95024489"
}


@BOOK{Holland1975-di,
  title     = "Adaptation in natural and artificial systems: An introductory
               analysis with applications to biology, control, and artificial
               intelligence",
  author    = "Holland, John H",
  publisher = "A Bradford Book",
  year      =  1975,
  isbn      = "9780472084609",
  address   = "Cambridge, Massachusetts, USA"
}

@PHDTHESIS{Brindle1981-rh,
  title    = "Genetic Algorithms for Function Optimization",
  author   = "Brindle, A",
  year     =  1981,
  school   = "University of Alberta"
}


@INPROCEEDINGS{Goldberg1991-kr,
  title     = {A comparative analysis of selection schemes used in genetic
               algorithms},
  booktitle = {Foundations of Genetic Algorithms},
  author    = "Goldberg, D E and Deb, K",
  editor    = "Rawlins, Gregory J E",
  publisher = "Morgan Kaufmann",
  pages     = "69--93",
  year      =  1991,
  address   = "San Francisco, California, USA",
  isbn      = "9781558601703"
}



@INPROCEEDINGS{Baker1985-fw,
  title     = "Adaptive Selection Methods for Genetic Algorithms",
  booktitle = "Proceedings of the 1st International Conference on Genetic
               Algorithms",
  author    = "Baker, James E",
  publisher = "L. Erlbaum Associates Inc.",
  pages     = "101--111",
  year      =  1985,
  address   = "Hillsdale, New Jersy , USA",
  isbn      = "9780805804263"
}


@BOOK{Schwefel1976-er,
  title     = {Numerische Optimierung von {Computer-Modellen} mittels der
               Evolutionsstrategie: Mit einer vergleichenden Einf\"{u}hrung in
               die {Hill-Climbing-} und Zufallsstrategie},
  author    = "Schwefel, Hans-Paul",
  publisher = "Birkh{\``{a}}user",
  year      =  1976,
  address   = "Basel, Switzerland",
  isbn      = "9783764308766",
  isbn_alt  = "9783764308766"
}



@ARTICLE{Deb2000-so,
  title     = {A fast and elitist multiobjective genetic algorithm: {NSGA-II}},
  author    = "Deb, K and Pratap, A and Agarwal, S and Meyarivan, T",
  journal   = "IEEE Transactions on Evolutionary Computation",
  publisher = "Springer Berlin Heidelberg",
  volume    =  6,
  number    =  2,
  pages     = "182--197",
  year      =  2002,
  issn      = "1089-778X",
  isbn      = "9783540410560",
  isbn_alt  = "9783540453567",
  doi       = "10.1109/4235.996017"
}


@ARTICLE{Zitzler2000-wj,
  title       = "Comparison of multiobjective evolutionary algorithms:
                 empirical results",
  author      = "Zitzler, E and Deb, K and Thiele, L",
  affiliation = "Department of Electrical Engineering, Swiss Federal Institute
                 of Technology, Zurich. zitzler@tik.ee.ethz.ch",
  journal     = "Evolutionary Computation",
  publisher   = "MIT Press",
  volume      =  8,
  number      =  2,
  pages       = "173--195",
  year        =  2000,
  issn        = "1063-6560",
  pmid        = "10843520",
  doi         = "10.1162/106365600568202"
}


@ARTICLE{Goldberg1990-cu,
  title     = "Messy genetic algorithms revisited: studies in mixed size and
               scale",
  author    = "Goldberg, David E and Deb, Kalyanmoy and Korb, Bradley",
  journal   = "Complex Systems",
  publisher = "Complex Systems Publications, Inc",
  volume    =  4,
  pages     = "415--444",
  year      =  1990,
  issn      = "0891-2513"
}

@PHDTHESIS{De_Jong1975-wc,
  title  = "An Analysis of the Behavior of a Class of Genetic Adaptive Systems",
  author = "De Jong, Kenneth Alan",
  year   =  1975,
  school = "University of Michigan"
}

@INPROCEEDINGS{Syswerda1989-go,
  title     = "Uniform Crossover in Genetic Algorithms",
  booktitle = "Proceedings of the 3rd International Conference on Genetic
               Algorithms",
  author    = "Syswerda, Gilbert",
  publisher = "Morgan Kaufmann Publishers Inc.",
  pages     = "2--9",
  year      =  1989,
  address   = "San Francisco, CA, USA",
  isbn      = "9781558600669"
}


@BOOK{Ackley1987-xa,
  title     = "A Connectionist Machine for Genetic Hillclimbing",
  author    = "Ackley, David H",
  publisher = "Kluwer Academic Publishers",
  year      =  1987,
  address   = "Norwell, Massachusetts, USA",
  isbn      = "9780898382365"
}

@ARTICLE{Lin1973-tp,
  title     = "An Effective Heuristic Algorithm for the {Traveling-Salesman}
               Problem",
  author    = "Lin, S and Kernighan, B W",
  journal   = "Operations Research",
  publisher = "pubsonline.informs.org",
  volume    =  21,
  number    =  2,
  pages     = "498--516",
  year      =  1973,
  eprint    = "http://dx.doi.org/10.1287/opre.21.2.498",
  issn      = "0030-364X",
  doi       = "10.1287/opre.21.2.498"
}


@BOOK{Angeline1996-no,
  title     = "Advances in Genetic Programming",
  author    = "Angeline, Peter J and Kinnear, Kenneth E",
  publisher = "Bradford Books",
  address   = "Cambridge, Massachusetts, USA",
  year      =  1996,
  isbn      = "9780262290791"
}


@BOOK{Davis1991-bw,
  title     = "Handbook of genetic algorithms",
  author    = "Davis, Lawrence",
  publisher = "Arden Shakespeare",
  year      =  1991,
  isbn      = "9780442001735"
}



@ARTICLE{Nguyen1990-mb,
  title    = "Neural networks for self-learning control systems",
  author   = "Nguyen, D H and Widrow, B",
  journal  = "IEEE Control Systems Magazine",
  volume   =  10,
  number   =  3,
  pages    = "18--23",
  year     =  1990,
  issn     = "0272-1708",
  doi      = "10.1109/37.55119"
}

@BOOK{Haykin2008-db,
  title     = "Neural Networks and Learning Machines (3rd Edition)",
  author    = "Haykin, Simon O",
  publisher = "Prentice Hall",
  edition   = "3 edition",
  year      =  2008,
  isbn      = "9780131471399"
}

@ARTICLE{Rosenblatt1958-yq,
  title     = "The perceptron: a probabilistic model for information storage
               and organization in the brain",
  author    = "Rosenblatt, F",
  journal   = "Psychological Review",
  publisher = "psycnet.apa.org",
  volume    =  65,
  number    =  6,
  pages     = "386--408",
  year      =  1958,
  issn      = "0033-295X",
  pmid      = "13602029"
}

@BOOK{Rojas1996-yd,
  title     = "Neural Networks: A Systematic Introduction",
  author    = "Rojas, R",
  publisher = "Springer Berlin Heidelberg",
  year      =  1996,
  isbn      = "9783540605058",
  lccn      = "96008636",
  address   = "Heidelberg, Germany"
}

@ARTICLE{McCulloch1943-li,
  title     = "A logical calculus of the ideas immanent in nervous activity",
  author    = "McCulloch, Warren S and Pitts, Walter",
  journal   = "The Bulletin of Mathematical Biophysics",
  publisher = "Kluwer Academic Publishers",
  volume    =  5,
  number    =  4,
  pages     = "115--133",
  year      =  1943,
  issn      = "0007-4985",
  issn_alt  = "1522-9602",
  doi       = "10.1007/BF02478259"
}



@INCOLLECTION{Rumelhart1988-hm,
  title     = {Learning representations by back-propagating errors},
  booktitle = {Cognitive Modeling},
  author    = "Rumelhart, D E and Hinton, G E and Williams, R J",
  editor    = "Polk, Thad and Seifert, Colleen",
  publisher = "A Bradford Book",
  pages     = "213--220",
  year      =  1988,
  address   = "Cambridge, Massachusetts, USA",
  isbn      = "9781846286742"
}




@ARTICLE{Moles2014-ia,
  title         = "Delay Line as a Chemical Reaction Network",
  author        = "Moles, Josh and Banda, Peter and Teuscher, Christof",
  journal       = "Parallel Processing Letters",
  year          =  2014,
  note          = "to be published",
  archivePrefix = "arXiv",
  eprint        = "1404.1152",
  primaryClass  = "q-bio.MN",
  arxivid       = "1404.1152"
}



@INPROCEEDINGS{Jefferson1992-ph,
  title       = {The Genesys System: Evolution as a theme in artificial life},
  booktitle   = {Proceedings of Second Conference on Artificial Life},
  author      = "Jefferson, D and Collins, R and Cooper, C and Dyer, M and
                 Flowers, M and Korf, R and Taylor, C and Wang, A",
  editor      = "Langton, Christopher G and Taylor, Charles and Farmer, J Doyne
                 and Rasmussen, Steen",
  publisher   = "Addison-Wesley Publishing Company",
  pages       = "549--578",
  institution = "Santa Fe Institute",
  year        =  1992,
  address     = "Redwood City, California, USA"
}



@BOOK{Koza1992-xs,
  title     = {Genetic Programming: On the Programming of Computers by Means of
               Natural Selection (Complex Adaptive Systems)},
  author    = "Koza, John R",
  publisher = "A Bradford Book",
  year      =  1992,
  address   = "Cambridge, Massachusetts, USA",
}



@ARTICLE{Schaul2010-tu,
  title     = "{PyBrain}",
  author    = "Schaul, Tom and Bayer, Justin and Wierstra, Daan and Sun, Yi and
               Felder, Martin and Sehnke, Frank and R{\``{u}}ckstie\ss{},
               Thomas and Schmidhuber, J{\''{u}}rgen",
  journal   = "Journal of Machine Learning Research: JMLR",
  publisher = "JMLR.org",
  volume    =  11,
  pages     = "743--746",
  year      =  2010,
  issn      = "1532-4435"
}

@ARTICLE{Fortin2012-yv,
  title     = "{DEAP}: Evolutionary Algorithms Made Easy",
  author    = "Fortin, F\'{e}lix-Antoine and De Rainville, Fran\c{c}ois-Michel
               and Gardner, Marc-Andr\'{e} Gardner and Parizeau, Marc and
               Gagn\'{e}, Christian",
  journal   = "Journal of Machine Learning Research: JMLR",
  publisher = "JMLR.org",
  volume    =  13,
  number    =  1,
  pages     = "2171--2175",
  year      =  2012,
  issn      = "1532-4435"
}

@INPROCEEDINGS{Hold-Geoffroy2014-qf,
  title     = "Once You {SCOOP}, No Need to Fork",
  booktitle = "Proceedings of the 2014 Annual Conference on Extreme Science and
               Engineering Discovery Environment",
  author    = "Hold-Geoffroy, Yannick and Gagnon, Olivier and Parizeau, Marc",
  publisher = "ACM",
  pages     = "60:1--60:8",
  year      =  2014,
  address   = "New York, NY, USA",
  isbn      = "9781450328937",
  doi       = "10.1145/2616498.2616565"
}


@MISC{Plotly2012-po,
  title        = "Plotly",
  author       = "{Plotly}",
  year         =  2012,
  url          = "https://plot.ly/",
  note         = "Accessed: 2014-11-2"
}


@ARTICLE{Hunter2007-yc,
  title    = "Matplotlib: A {2D} Graphics Environment",
  author   = "Hunter, J D",
  journal  = "Computing in Science Engineering",
  volume   =  9,
  number   =  3,
  pages    = "90--95",
  year     =  2007,
  issn     = "1521-9615",
  doi      = "10.1109/MCSE.2007.55"
}

@INPROCEEDINGS{Banda2014-qw,
  title         = "{COEL}: A Web-based Chemistry Simulation Framework",
  booktitle     = "{CoSMoS} 2014: Proceedings of the 7th Workshop on Complex
                   Systems Modelling and Simulation",
  author        = "Banda, Peter and Blount, Drew and Teuscher, Christof",
  editor        = "Stepney, S and Andrews, P",
  publisher     = "Luniver Press",
  pages         = "35--60",
  year          =  2014,
  archivePrefix = "arXiv",
  eprint        = "1407.4027",
  primaryClass  = "cs.CE",
  arxivid       = "1407.4027",
  address       = "Frome, United Kingdom"
}

@INPROCEEDINGS{Christensen2007-vj,
  title     = "Solving the Artificial Ant on the {S}anta {F}e Trail Problem in
               20,696 Fitness Evaluations",
  booktitle = "Proceedings of the 9th Annual Conference on Genetic and
               Evolutionary Computation",
  author    = "Christensen, Steffen and Oppacher, Franz",
  publisher = "ACM",
  pages     = "1574--1579",
  year      =  2007,
  address   = "New York, New York, USA",
  isbn      = "9781595936974",
  doi       = "10.1145/1276958.1277275"
}

@ARTICLE{Wilson2013-vt,
  title         = "How {S}anta {F}e Ants Evolve",
  author        = "Wilson, Dominic and Kaur, Devinder",
  journal       = "ArXiv e-prints",
  year          =  2013,
  archivePrefix = "arXiv",
  eprint        = "1312.1858",
  primaryClass  = "cs.NE",
  arxivid       = "1312.1858",
  url           = "http://arxiv.org/abs/1312.1858"
}

@TECHREPORT{Langdon1998-sw,
  title       = "Why Ants are Hard",
  author      = "Langdon, W B and Poli, R",
  number      = "CSRP-98-4",
  institution = "The University of Birmingham",
  year        =  1998
}

@INCOLLECTION{Doucette2010-yc,
  title     = "{Novelty-Based} Fitness: An Evaluation under the {S}anta {F}e Trail",
  booktitle = "Genetic Programming",
  author    = "Doucette, John and Heywood, Malcolm I",
  publisher = "Springer Berlin Heidelberg",
  pages     = "50--61",
  year      =  2010,
  isbn      = "9783642121470",
  isbn_alt  = "9783642121487",
  doi       = "10.1007/978-3-642-12148-7\_5",
  address   = "Heidelberg, Germany"
}

@MASTERSTHESIS{Gargesa2013-rx,
  title  = "Reward-driven Training of Random Boolean Network Reservoirs For
            {Model-Free} Environments",
  author = "Gargesa, Padmashri",
  year   =  2013,
  school = "Portland State University"
}


@INPROCEEDINGS{Chivilikhin2013-sw,
  title     = {Solving Five Instances of the Artificial Ant Problem with Ant
               Colony Optimization},
  booktitle = {7th {IFAC} Conference on Manufacturing Modelling, Management,
               and Control},
  author    = "Chivilikhin, D S and Ulyantsev, V I and Shalyto, A A",
  editor    = "Bakhtadze, Natalia and Chernyshov, Kirill and Dolgui, Alexandre
               and Lototsky, Vladimir",
  publisher = "International Federation of Automatic Control",
  pages     = "1043--1048",
  year      =  2013,
  address   = "St. Petersburg, Russia"
}


@INPROCEEDINGS{Karim2012-ik,
  title     = "Sensitive Ants Are Sensible Ants",
  booktitle = "Proceedings of the 14th Annual Conference on Genetic and
               Evolutionary Computation",
  author    = "Karim, Muhammad Rezaul and Ryan, Conor",
  publisher = "ACM",
  pages     = "775--782",
  year      =  2012,
  address   = "New York, New York, USA",
  isbn      = "9781450311779",
  doi       = "10.1145/2330163.2330271"
}

@INCOLLECTION{Silva1999-kw,
  title     = "Evolving Controllers for Autonomous Agents Using Genetically
               Programmed Networks",
  booktitle = "Genetic Programming",
  author    = "Silva, Arlindo and Neves, Ana and Costa, Ernesto",
  publisher = "Springer Berlin Heidelberg",
  pages     = "255--269",
  year      =  1999,
  isbn      = "9783540658993",
  isbn_alt  = "9783540488859",
  doi       = "10.1007/3-540-48885-5\_22",
  address   = "Heidelberg, Germany"
}

@ARTICLE{Angeline1994-pj,
  title       = "An evolutionary algorithm that constructs recurrent neural
                 networks",
  author      = "Angeline, P J and Saunders, G M and Pollack, J B",
  affiliation = "Dept. of Comput. and Inf. Sci., Ohio State Univ., Columbus,
                 OH.",
  journal     = "IEEE Transactions on Neural Networks",
  volume      =  5,
  number      =  1,
  pages       = "54--65",
  year        =  1994,
  issn        = "1045-9227",
  pmid        = "18267779",
  doi         = "10.1109/72.265960"
}


@MISC{Ronacher2010-mn,
  title        = {Flask (A {P}ython Microframework)},
  author       = "Ronacher, Armin",
  year         =  2010,
  url          = "http://flask.pocoo.org/",
  note         = "Accessed: 2014-11-5"
}


@MISC{The_PostgreSQL_Global_Development_Group1996-qt,
  title        = "{PostgreSQL}: The world's most advanced open source database",
  author       = "{The PostgreSQL Global Development Group}",
  year         =  1996,
  url          = "http://www.postgresql.org/",
  note         = "Accessed: 2014-11-5"
}


@ARTICLE{Scheidt2002-bb,
  title   = {Intelligent Agent-Based control},
  author  = "Scheidt, David H",
  journal = "John Hopkins APL Technical Digest",
  volume  =  23,
  number  =  4,
  year    =  2002
}


@ARTICLE{Alvarez2004-ix,
  title       = "Development of a multiplex {PCR} technique for detection and
                 epidemiological typing of salmonella in human clinical samples",
  author      = "Alvarez, Juan and Sota, Mertxe and Vivanco, Ana Bel\'{e}n and
                 Perales, Ildefonso and Cisterna, Ram\'{o}n and Rementeria,
                 Aitor and Garaizar, Javier",
  affiliation = "Department of Immunology, Microbiology, and Parasitology,
                 University of the Basque Country, Vitoria-Gasteiz, Spain.",
  journal     = "Journal of Clinical Microbiology",
  publisher   = "Am Soc Microbiol",
  volume      =  42,
  number      =  4,
  pages       = "1734--1738",
  year        =  2004,
  issn        = "0095-1137",
  pmid        = "15071035",
  pmc         = "PMC387595"
}


@INPROCEEDINGS{De_Jong1991-cq,
  title     = {An analysis of the interacting roles of population size and
               crossover in genetic algorithms},
  booktitle = {Proceedings of the 1st Workshop on Parallel Problem Solving from
               Nature},
  author    = "De Jong, Kenneth A and Spears, William M",
  editor    = "Schwefel, Hans-Paul and M{\"a}nner, Reinhard",
  publisher = "Springer Berlin Heidelberg",
  pages     = "38--47",
  year      =  1991,
  address   = "Heidelberg, Germany",
  isbn      = "9783540541486",
  isbn_alt  = "9783540706526",
  doi       = "10.1007/BFb0029729"
}


@MISC{DigitalOcean_Inc_undated-bc,
  title        = "{SSD} Cloud Server, {VPS} Server, Simple Cloud Hosting",
  author       = "{DigitalOcean Inc.}",
  url          = "https://www.digitalocean.com/",
  note         = "Accessed: 2014-11-7"
}

@ARTICLE{McCarthy1960-hz,
  title     = "Recursive Functions of Symbolic Expressions and Their
               Computation by Machine, Part {I}",
  author    = "McCarthy, John",
  journal   = "Communications of the ACM",
  publisher = "ACM",
  volume    =  3,
  number    =  4,
  pages     = "184--195",
  year      =  1960,
  issn      = "0001-0782",
  doi       = "10.1145/367177.367199"
}


@BOOK{Minsky1987-zx,
  title     = "Perceptrons: An Introduction to Computational Geometry",
  author    = "Minsky, Marvin and Papert, Seymour A",
  publisher = "The MIT Press",
  edition   = "expanded",
  year      =  1987,
  address   = "Cambridge, Massachusetts, USA",
  isbn      = "9780262631112"
}


@ARTICLE{Maulik2000-ee,
  title     = "Genetic algorithm-based clustering technique",
  author    = "Maulik, Ujjwal and Bandyopadhyay, Sanghamitra",
  journal   = "Pattern Recognition",
  publisher = "Elsevier",
  volume    =  33,
  number    =  9,
  pages     = "1455--1465",
  year      =  2000,
  issn      = "0031-3203",
  doi       = "10.1016/S0031-3203(99)00137-5"
}



@INPROCEEDINGS{Menczer1994-vx,
  title     = {Evolving sensors in environments of controlled complexity},
  booktitle = {Artificial Life {IV}: Proceedings of the Fourth International
               Workshop on the Synthesis and Simulation of Living Systems},
  author    = "Menczer, F and Belew, R K",
  editor    = "Brooks, Rodney A and Maes, Pattie",
  publisher = "MIT Press",
  pages     = "210--221",
  year      =  1994,
  address   = "Cambridge, Massachusetts, USA",
  isbn      = "9780262521901"
}



@ARTICLE{Fleming2002-br,
  title     = "Evolutionary algorithms in control systems engineering: a survey",
  author    = "Fleming, P J and Purshouse, R C",
  journal   = "Control engineering practice",
  publisher = "Elsevier",
  volume    =  10,
  number    =  11,
  pages     = "1223--1241",
  year      =  2002,
  issn      = "0967-0661",
  doi       = "10.1016/S0967-0661(02)00081-3"
}

@ARTICLE{Pal1994-zb,
  title     = "Genetic algorithms for optimal image enhancement",
  author    = "Pal, Sankar K and Bhandari, Dinabandhu and Kundu, Malay K",
  journal   = "Pattern recognition letters",
  publisher = "Elsevier",
  volume    =  15,
  number    =  3,
  pages     = "261--271",
  year      =  1994,
  issn      = "0167-8655",
  doi       = "10.1016/0167-8655(94)90058-2"
}


@INPROCEEDINGS{Banda2014-kg,
  title         = {Learning {Two-Input} Linear and Nonlinear Analog Functions
                   with a Simple Chemical System},
  booktitle     = {Unconventional Computation and Natural Computation},
  author        = "Banda, Peter and Teuscher, Christof",
  editor        = "Ibarra, Oscar H and Kari, Lila and Kopecki, Steffen",
  publisher     = "Springer International Publishing",
  volume        =  853,
  pages         = "14--26",
  year          =  2014,
  address       = "Sennweid, Switzerland",
  archivePrefix = "arXiv",
  eprint        = "1404.0427",
  primaryClass  = "q-bio.MN",
  isbn          = "9783319081229",
  arxivid       = "1404.0427",
  doi           = "10.1007/978-3-319-08123-6\_2"
}




@UNPUBLISHED{Blount_undated-ro,
  title  = "Feedforward Chemical Neural Network: A Compartmentalized Chemical
            System that Learns {XOR}",
  author = "Blount, Drew and Banda, Peter and Teuscher, Christof and
            Stefanovic, Darko",
  note = "unpublished"
}


@INPROCEEDINGS{Banda2014-pf,
  title     = {An Analog Chemical Circuit with {Parallel-Accessible} Delay Line
               for Learning Temporal Tasks},
  booktitle = {{ALIFE} 14: Proceedings of the Fourteenth International
               Conference on the Synthesis and Simulation of Living Systems},
  author    = "Banda, P and Teuscher, C",
  editor    = "Sayama, Hiroki and Rieffel, John and Risi, Sebastian and Hod,
               Doursat, Rene, Lipson,",
  publisher = "MIT Press",
  pages     = "482--490",
  year      =  2014,
  address   = "Cambridge, Massachusetts, USA"
}


@ARTICLE{Zhang2011-ey,
  title       = {Dynamic {DNA} nanotechnology using strand-displacement
                 reactions},
  author      = "Zhang, David Yu and Seelig, Georg",
  journal     = "Nature chemistry",
  volume      =  3,
  number      =  2,
  pages       = "103--113",
  year        =  2011,
}


@INCOLLECTION{Semenov2014-bv,
  title     = {The Effects of Multivalency and Kinetics in Nanoscale Search by
               Molecular Spiders},
  booktitle = {Evolution, Complexity and Artificial Life},
  author    = "Semenov, Oleg and Stefanovic, Darko and Stojanovic, Milan N",
  editor    = "Cagnoni, Stefano and Mirolli, Marco and Villani, Marco",
  publisher = "Springer Berlin Heidelberg",
  pages     = "161--175",
  year      =  2014,
  isbn      = "9783642375767",
  isbn_alt  = "9783642375774",
  doi       = "10.1007/978-3-642-37577-4\_11"
}


@ARTICLE{Kompa2001-yk,
  title       = {A molecular logic gate},
  author      = "Kompa, K L and Levine, R D",
  journal     = "Proceedings of the National Academy of Sciences of the United States of America",
  volume      =  98,
  number      =  2,
  pages       = "410--414",
  year        =  2001
}

@INPROCEEDINGS{Chu1999-ms,
  title     = {Design techniques of {FPGA} based random number generator},
  booktitle = {Military and Aerospace Applications of Programmable Devices and
               Technologies Conference},
  author    = "Chu, P P and Jones, R E",
  publisher = "klabs.org",
  year      =  1999
}

@ARTICLE{Qian2011-nw,
  title     = {Neural network computation with {DNA} strand displacement
               cascades},
  author    = "Qian, Lulu and Winfree, Erik and Bruck, Jehoshua",
  journal   = "Nature",
  publisher = "Nature Publishing Group",
  volume    =  475,
  number    =  7356,
  pages     = "368--372",
  year      =  2011,
}


@IEEEtranBSTCTL{BSTcontrol,
  CTLuse_forced_etal        = "yes",
  CTLmax_names_forced_etal  = "2",
  CTLnames_show_etal        = "1"
}








